@online{site:iac,
    title   = {Infrastructure as Code},
    url     = {https://en.wikipedia.org/wiki/Infrastructure_as_code}
}

@online{site:iachistory,
    title   = {10 years of cloud infrastructure as code - history and trends},
    url     = {https://www.nordhero.com/posts/10-years-iac/}
}

@online{site:iacchallenges,
    title   = {Infrastructure as Code - Managing infrastructure resources with code},
    url     = {https://towardsdatascience.com/infrastructure-as-code-f153d810428b}
}

@online{site:pulumi,
    title   = {Pulumi},
    url     = {https://www.pulumi.com/}
}

@online{site:patternmatching,
    title   = {Pattern matching},
    url     = {https://docs.scala-lang.org/tour/pattern-matching.html#}
}

@online{site:functorsandmonads,
    title   = {Functors and Monads},
    url     = {https://docs.scala-lang.org/scala3/reference/contextual/type-classes.html}
}

@online{site:usinggiven,
    title   = {Using and Given},
    url     = {https://blog.rockthejvm.com/scala-3-given-using/}
}

@online{site:currying,
    title   = {Currying},
    url     = {https://towardsdatascience.com/what-is-currying-in-programming-56fd57103431}
}

@online{site:comprehension,
    title   = {For Comprehension},
    url     = {https://docs.scala-lang.org/tour/for-comprehensions.html}
}